@book{ADAMS_HITCHHIKERS_GUIDE,
author = {Douglas Adams},
title = {The Hitchhiker's Guide to the Galaxy},
year = {1979}
}

@online{APACHE_ACTIVEMQ,
title = {Apache ActiveMQ},
subtitle = {Flexible \& Powerful Open Source Multi-Protocol Messaging},
url = {https://activemq.apache.org/},
organization = {The Apache Software Foundation},
urldate = {2022-12-01}
}

@online{APACHE_COMMONS_LANG,
title = {Apache Commons Lang},
url = {https://commons.apache.org/proper/commons-lang/},
version = {3.12.0},
organization = {The Apache Software Foundation},
date = {2021-03-01},
urldate = {2022-12-01}
}

@online{APACHE_COMMONS_LOGGING,
title = {Apache Commons Logging},
url = {http://commons.apache.org/logging/},
organization = {The Apache Software Foundation},
date = {2014-07-04},
version = {1.2},
urldate = {2022-12-08}
}

@online{APACHE_JAMES,
title = {Apache James},
subtitle = {Enterprise Mail Server},
url = {https://james.apache.org/},
organization = {The Apache Software Foundation},
version = {3.7.2},
urldate = {2022-12-01}
}

@online{APACHE_LOG4J,
title = {Apache Log4j},
url = {https://logging.apache.org/log4j/2.x/},
organization = {The Apache Software Foundation},
version = {2.19.0},
date = {2022-09-13},
urldate = {2022-12-01}
}

@online{APACHE_MAVEN,
title = {Apache Maven},
url = {https://maven.apache.org/},
organization = {The Apache Software Foundation},
version = {3.8.6},
date = {2022-11-30},
urldate = {2022-12-02}
}

@online{APACHE_TOMCAT,
title = {Apache Tomcat},
url = {https://tomcat.apache.org/},
organization = {The Apache Software Foundation},
version = {10.1.2},
date = {2022-11-14},
urldate = {2022-12-01}
}

@book{Fowler:Refactoring,
author = {Martin G. Fowler},
title = {Refactoring: Improving the Design of Existing Code},
year = {1999}
}

@online{DOXYGEN_HOMEPAGE,
author = {Dimitri van Heesch},
title = {Doxygen},
url = {https://doxygen.nl/},
subtitle = {Generate documentation from source code},
urldate = {2022-11-13}
}

@online{DZONE_JAVADOC_SUMMARY,
author = {Dustin Marx},
title = {JDK 10's Summary Javadoc Tag},
year = {2018},
url = {https://dzone.com/articles/jdk-10s-summary-javadoc-tag},
organization = {DZone},
date = {2018-02-21},
urldate = {2022-11-16}
}

@online{ECLIPSE_JETTY,
title = {The Eclipse Jetty Project},
url = {https://www.eclipse.org/jetty/},
version = {Jetty 11.0.x},
organization = {Eclipse Foundation},
urldate = {2022-12-01}
}

@online{GOOGLE_GUAVA,
title = {Google Guava},
url = {https://github.com/google/guava},
version = {31.2},
organization = {The Guava Authors},
date = {2022-02-28},
urldate = {2022-12-01}
}

@online{H2_DATABASE,
title = {H2 Database Engine},
url = {http://www.h2database.com/html/main.html},
version = {2.1.214},
date = {2022-06-13},
urldate = {2022-12-01}
}

@book{HARDCORE_JAVA,
author = {Robert Simmons~Jr.},
title = {Hardcore Java – Secrets of the Java Masters},
year = {2004},
publisher = {O'Reilly Media},
location = {Sebastopol, CA},
isbn = {0596005687}
}

@online{HIBERNATE_ORM,
title = {Hibernate ORM},
url = {https://hibernate.org/orm/},
version = {Hibernate ORM 5.6.14.Final},
date = {2022-11-04},
urldate = {2022-12-01}
}

@online{IBM_WEBSPHERE,
title = {IBM WebSphere Application Server},
url = {https://www.ibm.com/products/websphere-application-server},
subtitle = {A flexible, security-rich Java server runtime environment for enterprise applications},
organization = {IBM},
urldate = {2022-12-01}
}

@online{JAKARTA_EE_HTTPSERVLET_CLASS,
title = {Class jakarta.servlet.http.HttpServlet},
url = {https://jakarta.ee/specifications/platform/9/apidocs/jakarta/servlet/http/HttpServlet.html},
organization = {Eclipse Foundation},
version = {Jakarta EE Platform 9},
urldate = {2022-12-03}
}

@online{JAVASCRIPT_CODE_CONVENTIONS,
author = {Douglas Crockford},
title = {Code Conventions for the JavaScript Programming Language},
year = {2019},
url = {https://www.crockford.com/code.html},
urldate = {2022-10-27}
}

@online{JUNIT5,
title = {JUnit~5},
url = {https://junit.org/junit5/},
urldate = {2022-11-24}
}

@article{KNUTH:PrematureOptimization,
author = {Donald E. Knuth},
title = {Structured Programming with Goto Statements},
journaltitle = {ACM Journals},
journalsubtitle = {ACM Computing Surveys},
year = {1974},
month = {12},
volume = {6},
number = {4},
pages = {261-301},
url = {https://dl.acm.org/doi/10.1145/356635.356640},
urldate = {2022-11-23}
}

@online{LOGBACK,
title = {Logback},
url = {https://logback.qos.ch/},
organization = {QOS},
version = {1.3.5/1.4.5},
urldate = {2022-12-08}
}

@online{MINECRAFT,
title = {Minecraft},
url = {https://www.minecraft.net/},
urldate = {2022-12-02}
}

@online{ORACLE_DOC,
title = {JDK 17 Documentation},
url = {https://docs.oracle.com/en/java/javase/17/},
version = {Java 17},
organization = {Oracle},
urldate = {2022-11-17}
}

@online{ORACLE_DOC_APPENDABLE_INTERFACE,
title = {Interface java.lang.Appendable},
url = {https://docs.oracle.com/en/java/javase/17/docs/api/java.base/java/lang/Appendable.html},
organization = {Oracle},
version = {Java~17},
urldate = {2022-12-04}
}

@online{ORACLE_DOC_ARRAYLIST_CLASS,
title = {Class java.util.ArrayList},
url = {https://docs.oracle.com/en/java/javase/17/docs/api/java.base/java/util/ArrayList.html},
version = {Java~17},
organization = {Oracle},
urldate = {2022-12-03}
}

@online{ORACLE_DOC_ASSERTIONERROR_CLASS,
title = {Class java.lang.AssertionError},
url = {https://docs.oracle.com/en/java/javase/17/docs/api/java.base/java/lang/AssertionError.html},
version = {Java~17},
organization = {Oracle},
urldate = {2022-11-24}
}

@online{ORACLE_DOC_AUTOCLOSEABLE_INTERFACE,
title = {Interface java.lang.AutoCloseable},
url = {https://docs.oracle.com/en/java/javase/17/docs/api/java.base/java/lang/AutoCloseable.html},
organization = {Oracle},
version = {Java~17},
urldate = {2022-11-03}
}

@online{ORACLE_DOC_CALLABLE_INTERFACE,
title = {Interface java.util.concurrent.Callable},
url = {https://docs.oracle.com/en/java/javase/17/docs/api/java.base/java/util/concurrent/Callable.html},
organization = {Oracle},
version = {Java~17},
urldate = {2022-11-04}
}

@online{ORACLE_DOC_CHARSEQUENCE_INTERFACE,
title = {Interface java.lang.CharSequence},
url = {https://docs.oracle.com/en/java/javase/17/docs/api/java.base/java/lang/CharSequence.html},
organization = {Oracle},
version = {Java~17},
urldate = {2022-11-24}
}

@online{ORACLE_DOC_CHARSET_CLASS,
title = {Class java.lang.Charset},
url = {https://docs.oracle.com/en/java/javase/17/docs/api/java.base/java/nio/charset/Charset.html},
organization = {Oracle},
version = {Java~17},
urldate = {2022-12-04}
}

@online{ORACLE_DOC_CHARSET:StandardCharsets,
title = {Standard charsets},
url = {https://docs.oracle.com/en/java/javase/17/docs/api/java.base/java/nio/charset/Charset.html#standard},
organization = {Oracle},
version = {Java~17},
urldate = {2022-12-04}
}

@online{ORACLE_DOC_CLONEABLE_INTERFACE,
title = {Interface java.lang.Closeable},
url = {https://docs.oracle.com/en/java/javase/17/docs/api/java.base/java/lang/Cloneable.html},
organization = {Oracle},
version = {Java~17},
urldate = {2022-11-04}
}

@online{ORACLE_DOC_CLONENOTSUPPORTEDEXCEPITON_CLASS,
title = {Class java.lang.CloneNotSupportedException},
url = {https://docs.oracle.com/en/java/javase/17/docs/api/java.base/java/lang/CloneNotSupportedException.html},
organization = {Oracle},
version = {Java~17},
urldate = {2022-11-26}
}

@online{ORACLE_DOC_CLOSEABLE_INTERFACE,
title = {Interface java.io.Closeable},
url = {https://docs.oracle.com/en/java/javase/17/docs/api/java.base/java/io/Closeable.html},
organization = {Oracle},
version = {Java~17},
urldate = {2022-11-04}
}

@online{ORACLE_DOC_CONCURRENTHASHMAP_CLASS,
title = {Class java.util.concurrent.ConcurrentHashMap},
url = {https://docs.oracle.com/en/java/javase/17/docs/api/java.base/java/util/concurrent/ConcurrentHashMap.html},
version = {Java~17},
organization = {Oracle},
urldate = {2022-12-03}
}

@online{ORACLE_DOC_DATE_CLASS,
title = {Class java.util.Date},
url = {https://docs.oracle.com/en/java/javase/17/docs/api/java.base/java/util/Date.html},
version = {Java~17},
organization = {Oracle},
urldate = {2022-11-13}
}

@online{ORACLE_DOC_DEPRECATED_ANNOTATION,
title = {Annotation Interface java.lang.Deprecated},
url = {https://docs.oracle.com/en/java/javase/17/docs/api/java.base/java/lang/Deprecated.html},
organization = {Oracle},
version = {Java~17},
urldate = {2022-11-12}
}

@online{ORACLE_DOC_DOCLET_INTERFACE,
title = {Interface jdk.javadoc.doclet.Doclet},
url = {https://docs.oracle.com/en/java/javase/17/docs/api/jdk.javadoc/jdk/javadoc/doclet/Doclet.html},
organization = {Oracle},
version = {Java~17},
urldate = {2022-11-19}
}

@online{ORACLE_DOC_ERROR_CLASS,
title = {Class java.lang.Error},
url = {https://docs.oracle.com/en/java/javase/17/docs/api/java.base/java/lang/Error.html},
version = {Java~17},
organization = {Oracle},
urldate = {2022-12-03}
}

@online{ORACLE_DOC_EXCEPTION_CLASS,
title = {Class java.lang.Exception},
url = {https://docs.oracle.com/en/java/javase/17/docs/api/java.base/java/lang/Exception.html},
version = {Java~17},
organization = {Oracle},
urldate = {2022-12-03}
}

@online{ORACLE_DOC_EXCEPTIONININITIALIZERERROR_CLASS,
title = {Class java.lang.ExceptionInInitializerError},
url = {https://docs.oracle.com/en/java/javase/17/docs/api/java.base/java/lang/ExceptionInInitializerError.html},
version = {Java~17},
organization = {Oracle},
urldate = {2022-12-03}
}

@online{ORACLE_DOC_FILE_CLASS,
title = {Class java.io.File},
url = {https://docs.oracle.com/en/java/javase/17/docs/api/java.base/java/io/File.html},
version = {Java~17},
organization = {Oracle},
urldate = {2022-11-26}
}

@online{ORACLE_DOC_FORMATTABLE_INTERFACE,
title = {Interface java.util.Formattable},
url = {https://docs.oracle.com/en/java/javase/17/docs/api/jdk.javadoc/jdk/javadoc/doclet/Doclet.html},
organization = {Oracle},
version = {Java~17},
urldate = {2022-11-24}
}

@online{ORACLE_DOC_FORMATTER_CLASS,
title = {Class java.util.Formatter},
url = {https://docs.oracle.com/en/java/javase/17/docs/api/java.base/java/util/Formatter.html},
organization = {Oracle},
version = {Java~17},
urldate = {2022-11-24}
}

@online{ORACLE_DOC_FUNCTIONALINTERFACE_ANNOTATION,
title = {Annotation Interface java.lang.FunctionalInterface},
url = {https://docs.oracle.com/en/java/javase/17/docs/api/java.base/java/lang/FunctionalInterface.html},
organization = {Oracle},
version = {Java~17},
urldate = {2022-12-06}
}

@online{ORACLE_DOC_GENERATED_ANNOTATION,
title = {Annotation Interface javax.annotation.processing.Generated},
url = {https://docs.oracle.com/en/java/javase/17/docs/api/java.compiler/javax/annotation/processing/Generated.html},
organization = {Oracle},
version = {Java~17},
urldate = {2022-10-27}
}

@online{ORACLE_DOC_HASHMAP_CLASS,
title = {Class java.util.HashMap},
url = {https://docs.oracle.com/en/java/javase/17/docs/api/java.base/java/util/HashMap.html},
version = {Java~17},
organization = {Oracle},
urldate = {2022-12-03}
}

@online{ORACLE_DOC_HASHTABLE_CLASS,
title = {Class java.util.Hashtable},
url = {https://docs.oracle.com/en/java/javase/17/docs/api/java.base/java/util/Hashtable.html},
version = {Java~17},
organization = {Oracle},
urldate = {2022-12-03}
}

@online{ORACLE_DOC_ILLEGALARGUMENTEXCEPTION_CLASS,
title = {Class java.lang.IllegalArgumentException},
url = {https://docs.oracle.com/en/java/javase/17/docs/api/java.base/java/lang/IllegalArgumentException.html},
version = {Java~17},
organization = {Oracle},
urldate = {2022-12-01}
}

@online{ORACLE_DOC_INSTANT_CLASS,
title = {Class java.time.Instant},
url = {https://docs.oracle.com/en/java/javase/17/docs/api/java.base/java/time/Instant.html},
version = {Java~17},
organization = {Oracle},
urldate = {2022-11-26}
}

@online{ORACLE_DOC_INTEGER_CLASS,
title = {Class java.lang.Integer},
url = {https://docs.oracle.com/en/java/javase/17/docs/api/java.base/java/lang/Integer.html},
version = {Java~17},
organization = {Oracle},
urldate = {2022-11-26}
}

@online{ORACLE_DOC_JAVABEANS,
title = {JavaBeans\textsuperscript{TM}},
year = {1997},
url = {https://download.oracle.com/otn-pub/jcp/7224-javabeans-1.01-fr-spec-oth-JSpec/beans.101.pdf},
subtitle = {JavaBeans\textsuperscript{TM} API specification},
version = {1.01-A},
organization = {SUN Microsystems},
urldate = {2022-11-07}
}

@online{ORACLE_DOC_JAVABEANS:Chapter8_3,
title = {JavaBeans\textsuperscript{TM}, chapter 8.3 “Design Patterns for Properties” on page~55},
year = {1997},
url = {https://download.oracle.com/otn-pub/jcp/7224-javabeans-1.01-fr-spec-oth-JSpec/beans.101.pdf#page=55},
subtitle = {JavaBeans\textsuperscript{TM} API specification},
version = {1.01-A},
organization = {SUN Microsystems},
urldate = {2022-11-07}
}

@online{ORACLE_DOC_JAVABEANS:Chapter8_3_2,
title = {JavaBeans\textsuperscript{TM}, chapter 8.3.2 “Boolean properties” on page~55},
year = {1997},
url = {https://download.oracle.com/otn-pub/jcp/7224-javabeans-1.01-fr-spec-oth-JSpec/beans.101.pdf#page=55},
subtitle = {JavaBeans\textsuperscript{TM} API specification},
version = {1.01-A},
organization = {SUN Microsystems},
urldate = {2022-11-13}
}

@online{ORACLE_DOC_JAVADOC_GUIDE,
title = {JavaDoc Guide},
url = {https://docs.oracle.com/en/java/javase/17/javadoc/javadoc.html},
version = {Java 17},
organization = {Oracle},
urldate = {2022-11-13}
}

@online{ORACLE_DOC_JAVADOC_HOWTO,
title = {How to Write Doc Comments for the Javadoc Tool},
url = {https://www.oracle.com/technical-resources/articles/java/javadoc-tool.html},
organization = {Oracle},
urldate = {2022-11-17},
}

@online{ORACLE_DOC_JAVADOC_MAN,
title = {The javadoc Command},
url = {https://docs.oracle.com/en/java/javase/17/docs/specs/man/javadoc.html},
version = {Java 17},
organization = {Oracle},
urldate = {2022-11-13}
}

@online{ORACLE_DOC_JAVADOC_MAN:StandardDocletOptions,
title = {The javadoc Command – Standard doclet Options},
url = {https://docs.oracle.com/en/java/javase/17/docs/specs/man/javadoc.html#standard-doclet-options},
version = {Java 17},
organization = {Oracle},
urldate = {2022-11-17}
}

@online{ORACLE_DOC_JAVADOC_TAG,
title = {Documentation Comment Specification for the Standard Doclet (JDK 17)},
url = {https://docs.oracle.com/en/java/javase/17/docs/specs/javadoc/doc-comment-spec.html},
version = {Java 17},
organization = {Oracle},
urldate = {2022-11-13}
}

@online{ORACLE_DOC_LANGUAGE_SPECIFICATION,
author = {James Gosling and Bill Joy and Guy Steele and Gilad Bracha and Alex Buckley and Daniel Smith and Gavin Bierman},
title = {The Java Language Specification},
year = {2021},
url = {https://docs.oracle.com/javase/specs/jls/se17/html/index.html},
subtitle = {Java SE 17 Edition},
version = {Java 17},
organization = {Oracle},
date = {2021-08-09},
urldate = {2022-11-08}
}

@online{ORACLE_DOC_LANGUAGE_SPECIFICATION:AnnotationInterfaces,
author = {James Gosling and Bill Joy and Guy Steele and Gilad Bracha and Alex Buckley and Daniel Smith and Gavin Bierman},
title = {The Java Language Specification, chapter “9.6 Annotation Interfaces”},
year = {2021},
url = {https://docs.oracle.com/javase/specs/jls/se17/html/jls-9.html#jls-9.6},
subtitle = {Java SE 17 Edition},
version = {Java 17},
organization = {Oracle},
date = {2021-08-09},
urldate = {2022-11-12},
}

@online{ORACLE_DOC_LANGUAGE_SPECIFICATION:Declarations,
author = {James Gosling and Bill Joy and Guy Steele and Gilad Bracha and Alex Buckley and Daniel Smith and Gavin Bierman},
title = {The Java Language Specification, chapter “6.1. Declarations”},
year = {2021},
url = {https://docs.oracle.com/javase/specs/jls/se17/html/jls-6.html#jls-6.1},
subtitle = {Java SE 17 Edition},
version = {Java 17},
organization = {Oracle},
date = {2021-08-09},
urldate = {2022-11-26}
}

@online{ORACLE_DOC_LANGUAGE_SPECIFICATION:Exceptions,
author = {James Gosling and Bill Joy and Guy Steele and Gilad Bracha and Alex Buckley and Daniel Smith and Gavin Bierman},
title = {The Java Language Specification, chapter “11. Exceptions”},
year = {2021},
url = {https://docs.oracle.com/javase/specs/jls/se17/html/jls-11.html},
subtitle = {Java SE 17 Edition},
version = {Java 17},
organization = {Oracle},
date = {2021-08-09},
urldate = {2022-12-03}
}

@online{ORACLE_DOC_LANGUAGE_SPECIFICATION:FunctionalInterface,
author = {James Gosling and Bill Joy and Guy Steele and Gilad Bracha and Alex Buckley and Daniel Smith and Gavin Bierman},
title = {The Java Language Specification, chapter “9.6.4.9. @FunctionalInterface”},
year = {2021},
url = {https://docs.oracle.com/javase/specs/jls/se17/html/jls-9.html#jls-9.6.4.9},
subtitle = {Java SE 17 Edition},
version = {Java 17},
organization = {Oracle},
date = {2021-08-09},
urldate = {2022-12-06}
}

@online{ORACLE_DOC_LANGUAGE_SPECIFICATION:FunctionalInterfaces,
author = {James Gosling and Bill Joy and Guy Steele and Gilad Bracha and Alex Buckley and Daniel Smith and Gavin Bierman},
title = {The Java Language Specification, chapter “9.8. Functional Interfaces”},
year = {2021},
url = {https://docs.oracle.com/javase/specs/jls/se17/html/jls-9.html#jls-9.8},
subtitle = {Java SE 17 Edition},
version = {Java 17},
organization = {Oracle},
date = {2021-08-09},
urldate = {2022-12-06}
}

@online{ORACLE_DOC_LANGUAGE_SPECIFICATION:Invoke_Test.main,
author = {James Gosling and Bill Joy and Guy Steele and Gilad Bracha and Alex Buckley and Daniel Smith and Gavin Bierman},
title = {The Java Language Specification, chapter “12.1.4 Invoke ‘Test.main’”},
year = {2021},
url = {https://docs.oracle.com/javase/specs/jls/se17/html/jls-12.html#jls-12.1.4},
subtitle = {Java SE 17 Edition},
version = {Java 17},
organization = {Oracle},
date = {2021-08-09},
urldate = {2022-11-08}
}

@online{ORACLE_DOC_LANGUAGE_SPECIFICATION:Identifiers,
author = {James Gosling and Bill Joy and Guy Steele and Gilad Bracha and Alex Buckley and Daniel Smith and Gavin Bierman},
title = {The Java Language Specification, chapter “3.8 Identifiers”},
year = {2021},
url = {https://docs.oracle.com/javase/specs/jls/se17/html/jls-3.html#jls-3.8},
subtitle = {Java SE 17 Edition},
version = {Java 17},
organization = {Oracle},
date = {2021-08-09},
urldate = {2022-11-10}
}

@online{ORACLE_DOC_LANGUAGE_SPECIFICATION:KindsOfExceptions,
author = {James Gosling and Bill Joy and Guy Steele and Gilad Bracha and Alex Buckley and Daniel Smith and Gavin Bierman},
title = {The Java Language Specification, chapter “11.1.1. The Kinds of Exceptions”},
year = {2021},
url = {https://docs.oracle.com/javase/specs/jls/se17/html/jls-11.html#jls-11.1.1},
subtitle = {Java SE 17 Edition},
version = {Java 17},
organization = {Oracle},
date = {2021-08-09},
urldate = {2022-12-03}
}

@online{ORACLE_DOC_LANGUAGE_SPECIFICATION:LambdaExpressions,
author = {James Gosling and Bill Joy and Guy Steele and Gilad Bracha and Alex Buckley and Daniel Smith and Gavin Bierman},
title = {The Java Language Specification, chapter “15.27 Lambda Expressions”},
year = {2021},
url = {https://docs.oracle.com/javase/specs/jls/se17/html/jls-15.html#jls-15.27},
subtitle = {Java SE 17 Edition},
version = {Java 17},
organization = {Oracle},
date = {2021-08-09},
urldate = {2022-11-24}
}

@online{ORACLE_DOC_LANGUAGE_SPECIFICATION:MethodReference,
author = {James Gosling and Bill Joy and Guy Steele and Gilad Bracha and Alex Buckley and Daniel Smith and Gavin Bierman},
title = {The Java Language Specification, chapter “15.13 Method Reference Expressions”},
year = {2021},
url = {https://docs.oracle.com/javase/specs/jls/se17/html/jls-15.html#jls-15.13},
subtitle = {Java SE 17 Edition},
version = {Java 17},
organization = {Oracle},
date = {2021-08-09},
urldate = {2022-11-24}
}

@online{ORACLE_DOC_LANGUAGE_SPECIFICATION:ModuleDeclarations,
author = {James Gosling and Bill Joy and Guy Steele and Gilad Bracha and Alex Buckley and Daniel Smith and Gavin Bierman},
title = {The Java Language Specification, chapter “7.7 Module Declarations”},
year = {2021},
url = {https://docs.oracle.com/javase/specs/jls/se17/html/jls-7.html#jls-7.7},
subtitle = {Java SE 17 Edition},
version = {Java 17},
organization = {Oracle},
date = {2021-08-09},
urldate = {2022-11-10}
}

@online{ORACLE_DOC_LANGUAGE_SPECIFICATION:NamesAndIdentifiers,
author = {James Gosling and Bill Joy and Guy Steele and Gilad Bracha and Alex Buckley and Daniel Smith and Gavin Bierman},
title = {The Java Language Specification, chapter “6.2 Names and Identifiers”},
year = {2021},
url = {https://docs.oracle.com/javase/specs/jls/se17/html/jls-6.html#jls-6.2},
subtitle = {Java SE 17 Edition},
version = {Java 17},
organization = {Oracle},
date = {2021-08-09},
urldate = {2022-11-10}
}

@online{ORACLE_DOC_LANGUAGE_SPECIFICATION:ParameterizedTypes,
author = {James Gosling and Bill Joy and Guy Steele and Gilad Bracha and Alex Buckley and Daniel Smith and Gavin Bierman},
title = {The Java Language Specification, chapter “4.5. Parameterized Types”},
year = {2021},
url = {https://docs.oracle.com/javase/specs/jls/se17/html/jls-4.html#jls-4.4},
subtitle = {Java SE 17 Edition},
version = {Java 17},
organization = {Oracle},
date = {2021-08-09},
urldate = {2022-11-13}
}

@online{ORACLE_DOC_LANGUAGE_SPECIFICATION:RecordClasses,
author = {James Gosling and Bill Joy and Guy Steele and Gilad Bracha and Alex Buckley and Daniel Smith and Gavin Bierman},
title = {The Java Language Specification, chapter “8.10 Record Classes”},
year = {2021},
url = {https://docs.oracle.com/javase/specs/jls/se17/html/jls-8.html#jls-8.10},
subtitle = {Java SE 17 Edition},
version = {Java 17},
organization = {Oracle},
date = {2021-08-09},
urldate = {2022-11-12}
}

@online{ORACLE_DOC_LANGUAGE_SPECIFICATION:RepeatableAnnotationInterfaces,
author = {James Gosling and Bill Joy and Guy Steele and Gilad Bracha and Alex Buckley and Daniel Smith and Gavin Bierman},
title = {The Java Language Specification, chapter “9.6.3. Repeatable Annotation Interfaces”},
year = {2021},
url = {https://docs.oracle.com/javase/specs/jls/se17/html/jls-9.html#jls-9.6.3},
subtitle = {Java SE 17 Edition},
version = {Java 17},
organization = {Oracle},
date = {2021-08-09},
urldate = {2022-12-08},
}

@online{ORACLE_DOC_LINKEDLIST_CLASS,
title = {Class java.util.LinkedList},
url = {https://docs.oracle.com/en/java/javase/17/docs/api/java.base/java/util/LinkedList.html},
version = {Java~17},
organization = {Oracle},
urldate = {2022-12-03}
}

@online{ORACLE_DOC_LIST_INTERFACE,
title = {Interface java.util.List},
url = {https://docs.oracle.com/en/java/javase/17/docs/api/java.base/java/util/List.html},
version = {Java~17},
organization = {Oracle},
urldate = {2022-12-03}
}

@online{ORACLE_DOC_LOGGING_OVERVIEW,
title = {Java Logging Overview},
url = {https://docs.oracle.com/en/java/javase/17/core/java-logging-overview.html},
subtitle={Java Platform, Standard Edition},
version = {Java~17},
organization = {Oracle},
year={2022},
month={10},
urldate = {2022-12-08}
}

@online{ORACLE_DOC_LOGGING_PACKAGE,
title = {Package java.util.logging},
url = {https://docs.oracle.com/en/java/javase/17/docs/api/java.logging/java/util/logging/package-summary.html},
version = {Java~17},
organization = {Oracle},
urldate = {2022-12-08}
}

@online{ORACLE_DOC_MAP_INTERFACE,
title = {Interface java.util.Map},
url = {https://docs.oracle.com/en/java/javase/17/docs/api/java.base/java/util/Map.html},
organization = {Oracle},
version = {Java~17},
urldate = {2022-12-03}
}

@online{ORACLE_DOC_MAP:put,
title = {Method java.util.Map::put},
url = {https://docs.oracle.com/en/java/javase/17/docs/api/java.base/java/util/Map.html#put(K,V)},
organization = {Oracle},
version = {Java~17},
urldate = {2022-11-10}
}

@online{ORACLE_DOC_OBJECT_CLASS,
title = {Method java.lang.Object},
url = {https://docs.oracle.com/en/java/javase/17/docs/api/java.base/java/lang/Object.html},
organization = {Oracle},
version = {Java~17},
urldate = {2022-11-24}
}

@online{ORACLE_DOC_OBJECT_CLASS:clone,
title = {Method java.lang.Object::clone},
url = {https://docs.oracle.com/en/java/javase/17/docs/api/java.base/java/lang/Object.html#clone()},
organization = {Oracle},
version = {Java~17},
urldate = {2022-11-04}
}

@online{ORACLE_DOC_OBJECT_CLASS:equals,
title = {Method java.lang.Object::equals},
url = {https://docs.oracle.com/en/java/javase/17/docs/api/java.base/java/lang/Object.html#equals(java.lang.Object)},
organization = {Oracle},
version = {Java~17},
urldate = {2022-11-24}
}

@online{ORACLE_DOC_OBJECT_CLASS:finalize,
title = {Method java.lang.Object::finalize},
url = {https://docs.oracle.com/en/java/javase/17/docs/api/java.base/java/lang/Object.html#finalize()},
organization = {Oracle},
version = {Java~17},
urldate = {2022-11-24}
}

@online{ORACLE_DOC_OBJECT_CLASS:hashCode,
title = {Method java.lang.Object::hashCode},
url = {https://docs.oracle.com/en/java/javase/17/docs/api/java.base/java/lang/Object.html#hashCode()},
organization = {Oracle},
version = {Java~17},
urldate = {2022-11-24}
}

@online{ORACLE_DOC_OBJECT_CLASS:toString,
title = {Method java.lang.Object::toString},
url = {https://docs.oracle.com/en/java/javase/17/docs/api/java.base/java/lang/Object.html#toString()},
organization = {Oracle},
version = {Java~17},
urldate = {2022-11-24}
}

@online{ORACLE_DOC_OBJECT_SERIALIZATION:DocumentingSerializableFieldsData,
title = {Java Object Serialization Specification, chapter “1.6 Documenting Serializable Fields and Data for a Class”},
year = {2022},
url = {https://docs.oracle.com/en/java/javase/17/docs/specs/serialization/serial-arch.html#documenting-serializable-fields-and-data-for-a-class},
version = {Java 17},
organization = {Oracle},
urldate = {2022-11-19},
}

@online{ORACLE_DOC_OPTIONAL_CLASS,
title = {Class java.util.Optional},
url = {https://docs.oracle.com/en/java/javase/17/docs/api/java.base/java/util/Optional.html},
version = {Java~17},
organization = {Oracle},
urldate = {2022-12-06}
}

@online{ORACLE_DOC_PATTERNMATCHING,
title = {Java Language Updates – Pattern Matching for switch Expressions and Statements},
url = {https://docs.oracle.com/en/java/javase/17/language/pattern-matching-switch-expressions-and-statements.html},
organization = {Oracle},
subtitle = {Java~17},
urldate = {2022-11-02}
}

@online{ORACLE_DOC_QUEUE_INTERFACE:peek,
title = {Method java.util.Queue::peek},
url = {https://docs.oracle.com/en/java/javase/17/docs/api/java.base/java/util/Queue.html#peek()},
version = {Java~17},
organization = {Oracle},
urldate = {2022-11-10}
}
@online{ORACLE_DOC_RECORD,
title = {Java Language Updates – 4 Records},
url = {https://docs.oracle.com/en/java/javase/14/language/records.html},
organization = {Oracle},
subtitle = {Java~14},
urldate = {2022-10-28}
}

@online{ORACLE_DOC_RUNNABLE_INTERFACE,
title = {Interface java.lang.Runnable},
url = {https://docs.oracle.com/en/java/javase/17/docs/api/java.base/java/lang/Runnable.html},
version = {Java~17},
organization = {Oracle},
urldate = {2022-12-06}
}

@online{ORACLE_DOC_RUNNABLE:run,
title = {Method java.lang.Runnable::run},
url = {https://docs.oracle.com/en/java/javase/17/docs/api/java.base/java/lang/Runnable.html#run()},
version = {Java~17},
organization = {Oracle},
urldate = {2022-12-06}
}

@online{ORACLE_DOC_RUNTIMEEXCEPTION_CLASS,
title = {Class java.lang.RuntimeException},
url = {https://docs.oracle.com/en/java/javase/17/docs/api/java.base/java/lang/RuntimeException.html},
version = {Java~17},
organization = {Oracle},
urldate = {2022-12-03}
}

@online{ORACLE_DOC_SIMPLEDATEFORMATTER_CLASS,
title = {Class java.text.SimpleDateFormatter},
url = {https://docs.oracle.com/en/java/javase/17/docs/api/java.base/java/text/SimpleDateFormat.html},
version = {Java~17},
organization = {Oracle},
urldate = {2022-11-13}
}

@online{ORACLE_DOC_STANDARDDOCLET_CLASS,
title = {Class jdk.javadoc.doclet.StandardDoclet},
url = {https://docs.oracle.com/en/java/javase/17/docs/api/jdk.javadoc/jdk/javadoc/doclet/StandardDoclet.html},
organization = {Oracle},
version = {Java~17},
urldate = {2022-11-19}
}

@online{ORACLE_DOC_STREAM_INTERFACE:peek,
title = {Method java.util.stream.Stream::peek},
url = {https://docs.oracle.com/en/java/javase/17/docs/api/java.base/java/util/stream/Stream.html#peek(java.util.function.Consumer)},
version = {Java~17},
organization = {Oracle},
urldate = {2022-11-10}
}

@online{ORACLE_DOC_STRING_CLASS,
title = {Class java.lang.String},
url = {https://docs.oracle.com/en/java/javase/17/docs/api/java.base/java/lang/String.html},
organization = {Oracle},
version = {Java~17},
urldate = {2022-11-24}
}

@online{ORACLE_DOC_STRINGBUFFER_CLASS,
title = {Class java.lang.StringBuffer},
url = {https://docs.oracle.com/en/java/javase/17/docs/api/java.base/java/lang/StringBuffer.html},
organization = {Oracle},
version = {Java~17},
urldate = {2022-11-24}
}

@online{ORACLE_DOC_STRINGBUILDER_CLASS,
title = {Class java.lang.StringBuilder},
url = {https://docs.oracle.com/en/java/javase/17/docs/api/java.base/java/lang/StringBuilder.html},
organization = {Oracle},
version = {Java~17},
urldate = {2022-11-24}
}

@online{ORACLE_DOC_STRINGJOINER_CLASS,
title = {Class java.util.StringJoiner},
url = {https://docs.oracle.com/en/java/javase/17/docs/api/java.base/java/util/StringJoiner.html},
organization = {Oracle},
version = {Java~17},
urldate = {2022-11-24}
}

@online{ORACLE_DOC_SUPPRESSWARNINGS_ANNOTATION,
title = {Annotation Interface java.lang.SuppressWarnings},
url = {https://docs.oracle.com/en/java/javase/17/docs/api/java.base/java/lang/SuppressWarnings.html},
organization = {Oracle},
version = {Java~17},
urldate = {2022-11-23}
}

@online{ORACLE_DOC_SYSTEM_CLASS,
title = {Class java.lang.System},
url = {https://docs.oracle.com/en/java/javase/17/docs/api/java.base/java/lang/System.html},
organization = {Oracle},
version = {Java~17},
urldate = {2022-12-03}
}

@online{ORACLE_DOC_SYSTEM_CLASS:exit,
title = {Method java.lang.System::exit},
url = {https://docs.oracle.com/en/java/javase/17/docs/api/java.base/java/lang/System.html#exit(int)},
organization = {Oracle},
version = {Java~17},
urldate = {2022-12-03}
}

@online{ORACLE_DOC_TAGLET_INTERFACE,
title = {Interface jdk.javadoc.doclet.Taglet},
url = {https://docs.oracle.com/en/java/javase/17/docs/api/jdk.javadoc/jdk/javadoc/doclet/Taglet.html},
organization = {Oracle},
version = {Java~17},
urldate = {2022-11-19}
}

@online{ORACLE_DOC_THREAD_CLASS,
title = {Class java.lang.Thread},
url = {https://docs.oracle.com/en/java/javase/17/docs/api/java.base/java/lang/Thread.html},
version = {Java~17},
organization = {Oracle},
urldate = {2022-12-06}
}

@online{ORACLE_DOC_THREAD:setDefaultUncaughtExceptionHandler,
title = {Method java.lang.Thread::setDefaultUncaughtExceptionHandler},
url = {https://docs.oracle.com/en/java/javase/17/docs/api/java.base/java/lang/Thread.html#setDefaultUncaughtExceptionHandler(java.lang.Thread.UncaughtExceptionHandler)},
version = {Java~17},
organization = {Oracle},
urldate = {2022-12-06}
}

@online{ORACLE_DOC_THREAD:run,
title = {Method java.lang.Thread::run},
url = {https://docs.oracle.com/en/java/javase/17/docs/api/java.base/java/lang/Thread.html#run()},
version = {Java~17},
organization = {Oracle},
urldate = {2022-12-06}
}

@online{ORACLE_DOC_THREAD:setUncaughtExceptionHandler,
title = {Method java.lang.Thread::setUncaughtExceptionHandler},
url = {https://docs.oracle.com/en/java/javase/17/docs/api/java.base/java/lang/Thread.html#setUncaughtExceptionHandler(java.lang.Thread.UncaughtExceptionHandler)},
version = {Java~17},
organization = {Oracle},
urldate = {2022-12-06}
}

@online{ORACLE_DOC_THREADFACTORY_INTERFACE,
title = {Interface java.util.concurrent.ThreadFactory},
url = {https://docs.oracle.com/en/java/javase/17/docs/api/java.base/java/util/concurrent/ThreadFactory.html},
version = {Java~17},
organization = {Oracle},
urldate = {2022-12-06}
}

@online{ORACLE_DOC_THREADGROUP_CLASS,
title = {Class java.lang.ThreadGroup},
url = {https://docs.oracle.com/en/java/javase/17/docs/api/java.base/java/lang/ThreadGroup.html},
version = {Java~17},
organization = {Oracle},
urldate = {2022-12-06}
}

@online{ORACLE_DOC_THREADGROUP:uncaughtException,
title = {Method java.lang.ThreadGroup:uncaughtException},
url = {https://docs.oracle.com/en/java/javase/17/docs/api/java.base/java/lang/ThreadGroup.html#uncaughtException(java.lang.Thread,java.lang.Throwable)},
version = {Java~17},
organization = {Oracle},
urldate = {2022-12-06}
}

@online{ORACLE_DOC_THROWABLE_CLASS,
title = {Class java.lang.Throwable},
url = {https://docs.oracle.com/en/java/javase/17/docs/api/java.base/java/lang/Throwable.html},
version = {Java~17},
organization = {Oracle},
urldate = {2022-11-03}
}

@online{ORACLE_DOC_THROWABLE_CLASS:initCause,
title = {Method java.lang.Throwable::initCause},
url = {https://docs.oracle.com/en/java/javase/17/docs/api/java.base/java/lang/Throwable.html#initCause(java.lang.Throwable)},
version = {Java~17},
organization = {Oracle},
urldate = {2022-11-03}
}

@online{ORACLE_DOC_TIME_PACKAGE,
title = {Package java.time},
url = {https://docs.oracle.com/en/java/javase/17/docs/api/java.base/java/time/package-summary.html},
version = {Java~17},
organization = {Oracle},
urldate = {2022-11-13}
}

@online{ORACLE_DOC_UNCAUGHTEXCEPTIONHANDLER_INTERFACE,
title = {Interface java.lang.Thread.UncaughtExceptionHandler},
url = {https://docs.oracle.com/en/java/javase/17/docs/api/java.base/java/lang/Thread.UncaughtExceptionHandler.html},
version = {Java~17},
organization = {Oracle},
urldate = {2022-12-06}
}

@online{ORACLE_DOC_UNCAUGHTEXCEPTIONHANDLER:uncaughtException,
title = {Method java.lang.Thread.UncaughtExceptionHandler::uncaughtException},
url = {https://docs.oracle.com/en/java/javase/17/docs/api/java.base/java/lang/Thread.UncaughtExceptionHandler.html#uncaughtException(java.lang.Thread,java.lang.Throwable)},
version = {Java~17},
organization = {Oracle},
urldate = {2022-12-06}
}

@online{ORACLE_DOC_UTIL_CONCURRENT_PACKAGE,
title = {Package java.util.concurrent},
url = {https://docs.oracle.com/en/java/javase/17/docs/api/java.base/java/util/concurrent/package-summary.html},
version = {Java~17},
organization = {Oracle},
urldate = {2022-11-04}
}

@online{ORACLE_DOC_UUID_CLASS,
title = {Class java.util.UUID},
url = {https://docs.oracle.com/en/java/javase/17/docs/api/java.base/java/util/UUID.html},
version = {Java~17},
organization = {Oracle},
urldate = {2022-11-26}
}

@online{ORACLE_DOC_VECTOR_CLASS,
title = {Class java.util.Vector},
url = {https://docs.oracle.com/en/java/javase/17/docs/api/java.base/java/util/Vector.html},
version = {Java~17},
organization = {Oracle},
urldate = {2022-12-03}
}

@online{ORACLE_WEBLOGIC,
title = {Oracle WebLogic Server},
url = {https://www.oracle.com/java/weblogic/},
organization = {Oracle},
urldate = {2022-12-01}
}

@online{PYTHON_ORG_MAILING_LIST:ThePythonWay,
author = {Tim Peters},
title = {"The Python Way"},
year = {1999},
url = {https://mail.python.org/pipermail/python-list/1999-June/001951.html},
organization = {python.org},
date = {1999-06-04},
urldate = {2022-11-20}
}

@online{REDHAT_JBOSS,
title = {Red Hat JBoss Enterprise Application Platform},
url = {https://www.redhat.com/en/technologies/jboss-middleware/application-platform},
organization = {Red Hat},
urldate = {2022-12-01}
}

@online{SLF4J,
title = {SLF4J},
subtitle={Simple Logging Facade for Java},
url = {https://www.slf4j.org/},
organization = {QOS},
version = {2.0.5},
urldate = {2022-12-03}
}

@online{SLF4J:Binding,
title = {Binding with a logging framework at deployment time},
subtitle={Simple Logging Facade for Java},
url = {https://www.slf4j.org/manual.html#swapping},
organization = {QOS},
version = {2.0.5},
urldate = {2022-12-08}
}

@online{SUN_CODE_CONVENTIONS,
title = {Code Conventions for the Java\textsuperscript{TM} Programming Language},
year = {1999},
url = {https://www.oracle.com/java/technologies/javase/codeconventions-contents.html},
organization = {Oracle},
label = {Sun Code Conventions},
urldate = {2022-10-27}
}

@online{SUN_CODE_CONVENTIONS:BeginningComments,
title = {Code Conventions for the Java\textsuperscript{TM} Programming Language, chapter “3.1.1 Beginning Comments”},
year = {1999},
url = {https://www.oracle.com/java/technologies/javase/codeconventions-fileorganization.html#3441},
organization = {Oracle},
label = {Sun Code Conventions},
urldate = {2022-11-13}
}

@online{SUN_CODE_CONVENTIONS:NamingConventions,
title = {Code Conventions for the Java\textsuperscript{TM} Programming Language, chapter “9 – Naming Conventions”},
year = {1999},
url = {https://www.oracle.com/java/technologies/javase/codeconventions-namingconventions.html},
organization = {Oracle},
label = {Sun Code Conventions},
urldate = {2022-11-13}
}

@online{SUN_CODE_CONVENTIONS:SpecialComments,
title = {Code Conventions for the Java\textsuperscript{TM} Programming Language, chapter “10.5.4 – Special Comments”},
year = {1999},
url = {https://www.oracle.com/java/technologies/javase/codeconventions-programmingpractices.html#395},
organization = {Oracle},
label = {Sun Code Conventions},
urldate = {2022-11-20}
}

@online{TQUADRAT_ORG,
author = {Thomas Thrien},
title = {My Projects on GitHub},
year = {2022},
url = {https://tquadrat.github.io},
organization = {tquadrat.org},
urldate = {2022-10-28}
}

@online{TQUADRAT_ORG_FOUNDATION_AUTOLOCK,
author = {Thomas Thrien},
title = {Interface org.tquadrat.foundation.lang.Auto\-Lock},
year = {2022},
url = {https://tquadrat.github.io/foundation-base/javadoc/org.tquadrat.foundation.base/org/tquadrat/foundation/lang/AutoLock.html},
organization = {tquadrat.org},
urldate = {2022-11-03}
}

@online{TQUADRAT_ORG_FOUNDATION_BASE,
author = {Thomas Thrien},
title = {foundation-base},
year = {2022},
url = {https://tquadrat.github.io/foundation-base},
subtitle = {The base for all the Foundation Libraries},
organization = {tquadrat.org},
urldate = {2022-11-20}
}

@online{TQUADRAT_ORG_FOUNDATION_BUG,
author = {Thomas Thrien},
title = {Annotation org.tquadrat.foundation.annotation.BUG},
year = {2022},
url = {https://tquadrat.github.io/foundation-base/javadoc/org.tquadrat.foundation.base/org/tquadrat/foundation/annotation/BUG.html},
subtitle = {tquadrat's Foundation Library},
organization = {tquadrat.org},
urldate = {2022-12-08}
}

@online{TQUADRAT_ORG_FOUNDATION_FIXLIST,
author = {Thomas Thrien},
title = {Annotation org.tquadrat.foundation.annotation.FixList},
year = {2022},
url = {https://tquadrat.github.io/foundation-base/javadoc/org.tquadrat.foundation.base/org/tquadrat/foundation/annotation/FixList.html},
subtitle = {tquadrat's Foundation Library},
organization = {tquadrat.org},
urldate = {2022-12-08}
}

@online{TQUADRAT_ORG_FOUNDATION_IMPOSSIBLEEXCEPTIONERROR,
author = {Thomas Thrien},
title = {Class org.tquadrat.foundation.exception.Im\-possible\-ExceptionError},
year = {2020},
url = {https://tquadrat.github.io/foundation-base/javadoc/org.tquadrat.foundation.base/org/tquadrat/foundation/exception/ImpossibleExceptionError.html},
subtitle = {tquadrat's Foundation Library},
organization = {tquadrat.org},
urldate = {2022-12-04}
}

@online{TQUADRAT_ORG_FOUNDATION_JAVACOMPOSER,
author = {Thomas Thrien},
title = {foundation-javacomposer},
year = {2021},
url = {https://tquadrat.github.io/foundation-javacomposer},
subtitle = {A fork of JavaPoet},
organization = {tquadrat.org},
urldate = {2022-10-28}
}

@online{TQUADRAT_ORG_FOUNDATION_JAVADOC,
author = {Thomas Thrien},
title = {foundation-javadoc},
year = {2021},
url = {https://tquadrat.github.io/foundation-javadoc/},
subtitle = {An extension to the Javadoc tool},
organization = {tquadrat.org},
urldate = {2022-11-17}
}

@online{TQUADRAT_ORG_FOUNDATION_PRIVATECONSTRUCTORFORSTATICCLASSCALLEDERROR,
author = {Thomas Thrien},
title = {Class org.tquadrat.foundation.exception.Pri\-vate\-ConstructorForStaticClassCalledError},
year = {2020},
url = {https://tquadrat.github.io/foundation-base/javadoc/org.tquadrat.foundation.base/org/tquadrat/foundation/exception/PrivateConstructorForStaticClassCalledError.html},
subtitle = {tquadrat's Foundation Library},
organization = {tquadrat.org},
urldate = {2022-11-18}
}

@online{TQUADRAT_ORG_FOUNDATION_THREADGROUP,
author = {Thomas Thrien},
title = {Class oorg.tquadrat.foundation.lang.ThreadGroupExt},
year = {2022},
url = {https://tquadrat.github.io/foundation-base/javadoc/org.tquadrat.foundation.base/org/tquadrat/foundation/lang/ThreadGroupExt.html},
subtitle = {tquadrat's Foundation Library},
organization = {tquadrat.org},
urldate = {2022-12-08}
}

@online{TQUADRAT_ORG_FOUNDATION_UNEXPECTEDEXCEPTIONERROR,
author = {Thomas Thrien},
title = {Class org.tquadrat.foundation.exception.Un\-ex\-pected\-ExceptionError},
year = {2020},
url = {https://tquadrat.github.io/foundation-base/javadoc/org.tquadrat.foundation.base/org/tquadrat/foundation/exception/UnexpectedExceptionError.html},
subtitle = {tquadrat's Foundation Library},
organization = {tquadrat.org},
urldate = {2022-12-04}
}

@online{TQUADRAT_ORG_FOUNDATION_UNSUPPORTEDENUMERROR,
author = {Thomas Thrien},
title = {Class org.tquadrat.foundation.exception.Un\-supported\-EnumError},
year = {2020},
url = {https://tquadrat.github.io/foundation-base/javadoc/org.tquadrat.foundation.base/org/tquadrat/foundation/exception/UnsupportedEnumError.html},
subtitle = {tquadrat's Foundation Library},
organization = {tquadrat.org},
urldate = {2022-11-03}
}

@online{TQUADRAT_ORG_FOUNDATION_UTIL,
author = {Thomas Thrien},
title = {foundation-util},
year = {2022},
url = {https://tquadrat.github.io/foundation-util},
subtitle = {The core library of the Foundation suite},
organization = {tquadrat.org},
urldate = {2022-12-01}
}

@online{WIKIPEDIA:Filter,
title = {Filter (software)},
url = {https://en.wikipedia.org/wiki/Filter_(software)},
language = {en},
date = {2022-02-24},
urldate = {2022-12-03}
}

@online{WIKIPEDIA:DateOfEaster,
title = {Date of Easter},
url = {https://en.wikipedia.org/wiki/Date_of_Easter#Gauss's_Easter_algorithm},
language = {en},
date = {2022-11-18},
urldate = {2022-11-20}
}

@online{WIKIPEDIA:Gaussche_Osterformel,
title = {Gaußsche Osterformel},
url = {https://de.wikipedia.org/wiki/Gau%C3%9Fsche_Osterformel},
language = {de},
date = {2022-04-15},
urldate = {2022-11-20}
}

@online{WIKIPEDIA:ZenOfPython,
title = {Zen of Python},
url = {https://en.wikipedia.org/wiki/Zen_of_Python},
language = {en},
date = {2022-11-06},
urldate = {2022-11-20}
}

